<record xmlns="http://www.loc.gov/MARC21/slim" xmlns:xsi="http://www.w3.org/2001/XMLSchema-instance" xsi:schemaLocation="http://www.loc.gov/MARC21/slim http://www.loc.gov/standards/marcxml/schema/MARC21slim.xsd"><leader>     nam a22        4500</leader><controlfield tag="001">001686130</controlfield><controlfield tag="003">NNU</controlfield><controlfield tag="006">m        d        </controlfield><controlfield tag="007">cr cn |||m|||a</controlfield><controlfield tag="008">150313s1967    iq      ob    001 0 ararc</controlfield><datafield ind1=" " ind2=" " tag="040"><subfield code="a">NNU</subfield><subfield code="b">eng</subfield><subfield code="c">NNU</subfield></datafield><datafield ind1=" " ind2=" " tag="043"><subfield code="a">f-ua---</subfield></datafield><datafield ind1=" " ind2=" " tag="066"><subfield code="c">(3</subfield></datafield><datafield ind1=" " ind2=" " tag="090"><subfield code="a">PN5462</subfield><subfield code="b">.H2</subfield></datafield><datafield ind1="1" ind2=" " tag="100"><subfield code="6">880-01</subfield><subfield code="a">&#7716;amzah, &#699;Abd al-La&#7789;&#299;f</subfield></datafield><datafield ind1="1" ind2="0" tag="245"><subfield code="6">880-02</subfield><subfield code="a">Qi&#7779;&#7779;at al-&#7778;a&#7717;&#257;fah al-&#699;Arab&#299;yah f&#299; Mi&#7779;r</subfield><subfield code="h">[electronic resource] :</subfield><subfield code="b">mundhu nash&#700;atih&#257; il&#257; munta&#7779;af al-qarn al-&#699;ishr&#299;n</subfield><subfield code="c">[ta&#700;l&#299;f] &#699;Abd al-La&#7789;&#299;f &#7716;amzah.</subfield></datafield><datafield ind1="3" ind2=" " tag="246"><subfield code="a">Qi&#7779;&#7779;at al-&#7779;i&#7717;&#257;fah al-&#699;Arab&#299;yah f&#299; Mi&#7779;r</subfield></datafield><datafield ind1=" " ind2=" " tag="260"><subfield code="6">880-03</subfield><subfield code="a">Baghd&#257;d,</subfield><subfield code="b">Ma&#7789;ba&#699;at al-ma&#699;&#257;rif,</subfield><subfield code="c">1967.</subfield></datafield><datafield ind1=" " ind2=" " tag="300"><subfield code="a">online resource (228 p.)</subfield></datafield><datafield ind1=" " ind2=" " tag="500"><subfield code="a">Part of the Arabic Collections Online (ACO) project, contributed by New York Univeristy Libraries.</subfield></datafield><datafield ind1=" " ind2=" " tag="504"><subfield code="a">Includes bibliographical references.</subfield></datafield><datafield ind1=" " ind2=" " tag="533"><subfield code="a">Electronic reproduction.</subfield><subfield code="b">New York, N.Y. :</subfield><subfield code="c">New York University,</subfield><subfield code="d">2015.</subfield><subfield code="5">NNU</subfield></datafield><datafield ind1=" " ind2="0" tag="650"><subfield code="a">Press</subfield><subfield code="z">Egypt</subfield><subfield code="x">History.</subfield></datafield><datafield ind1="2" ind2=" " tag="710"><subfield code="a">New York University.</subfield><subfield code="b">Libraries.</subfield></datafield><datafield ind1="0" ind2=" " tag="730"><subfield code="a">Arabic Collections Online.</subfield></datafield><datafield ind1="0" ind2="8" tag="776"><subfield code="i">Print version:</subfield><subfield code="a">&#7716;amzah, &#699;Abd al-La&#7789;&#299;f 880-01</subfield><subfield code="t">Qi&#7779;&#7779;at al-&#7778;a&#7717;&#257;fah al-&#699;Arab&#299;yah f&#299; Mi&#7779;r</subfield><subfield code="w">(NNU)001686130</subfield><subfield code="w">(DLC)ne 68000607</subfield></datafield><datafield ind1="4" ind2="0" tag="856"><subfield code="u">http://hdl.handle.net/2333.1/jq2bvspg</subfield></datafield><datafield ind1="1" ind2=" " tag="880"><subfield code="6">100-01/</subfield><subfield code="a">&#1581;&#1605;&#1586;&#1577;&#1548; &#1593;&#1576;&#1583; &#1575;&#1604;&#1604;&#1591;&#1610;&#1601;.</subfield></datafield><datafield ind1="1" ind2="0" tag="880"><subfield code="6">245-02/</subfield><subfield code="a">&#1602;&#1589;&#1577; &#1575;&#1604;&#1589;&#1581;&#1575;&#1601;&#1577; &#1575;&#1604;&#1593;&#1585;&#1576;&#1610;&#1577; &#1601;&#1610; &#1605;&#1589;&#1585; :</subfield><subfield code="b">&#1605;&#1606;&#1584; &#1606;&#1588;&#1571;&#1578;&#1607;&#1575; &#1575;&#1604;&#1609; &#1605;&#1606;&#1578;&#1589;&#1601; &#1575;&#1604;&#1602;&#1585;&#1606; &#1575;&#1604;&#1593;&#1588;&#1585;&#1610;&#1606; /</subfield><subfield code="c">[&#1578;&#1571;&#1604;&#1610;&#1601;] &#1593;&#1576;&#1583; &#1575;&#1604;&#1604;&#1591;&#1610;&#1601; &#1581;&#1605;&#1586;&#1577;.</subfield></datafield><datafield ind1=" " ind2=" " tag="880"><subfield code="6">260-03/</subfield><subfield code="a">&#1576;&#1594;&#1583;&#1575;&#1583; :</subfield><subfield code="b">&#1605;&#1591;&#1576;&#1593;&#1577; &#1575;&#1604;&#1605;&#1593;&#1575;&#1585;&#1601;&#1548;</subfield><subfield code="c">1967.</subfield></datafield><datafield ind1=" " ind2=" " tag="959"><subfield code="a">NNU</subfield><subfield code="b">WEB</subfield><subfield code="c">GENI</subfield><subfield code="t">0</subfield><subfield code="m">Electronic access</subfield><subfield code="s">01</subfield></datafield><datafield ind1=" " ind2=" " tag="999"><subfield code="i">NNU_001686130</subfield><subfield code="s">nyu_aco000603</subfield><subfield code="e">(ERROR-880)</subfield></datafield></record>